<record><leader>00000cas a2200000 a 4500</leader><controlfield tag="001">76815594</controlfield><controlfield tag="008">061128d19041959orudn ne      0    0eng c</controlfield><datafield ind1=" " ind2=" " tag="010"><subfield code="a">  2006260039</subfield></datafield><datafield ind1=" " ind2=" " tag="040"><subfield code="a">ORU</subfield><subfield code="b">eng</subfield><subfield code="c">ORU</subfield><subfield code="d">OCLCQ</subfield><subfield code="d">OCLCF</subfield><subfield code="d">OCLCO</subfield></datafield><datafield ind1="1" ind2=" " tag="029"><subfield code="a">AU@</subfield><subfield code="b">000041113443</subfield></datafield><datafield ind1=" " ind2=" " tag="042"><subfield code="a">pcc</subfield></datafield><datafield ind1=" " ind2=" " tag="043"><subfield code="a">n-us-or</subfield></datafield><datafield ind1="0" ind2="0" tag="245"><subfield code="a">La Grande evening observer.</subfield></datafield><datafield ind1="3" ind2="0" tag="246"><subfield code="a">La Grande observer</subfield></datafield><datafield ind1=" " ind2=" " tag="260"><subfield code="a">La Grande, Or. :</subfield><subfield code="b">Currey Bros.,</subfield><subfield code="c">-1959.</subfield></datafield><datafield ind1=" " ind2=" " tag="300"><subfield code="a">v. :</subfield><subfield code="b">ill.</subfield></datafield><datafield ind1=" " ind2=" " tag="310"><subfield code="a">Daily (except Sunday)</subfield></datafield><datafield ind1="1" ind2=" " tag="362"><subfield code="a">Began in 1904.</subfield></datafield><datafield ind1="0" ind2=" " tag="362"><subfield code="a">-63rd year, 239th issue (May 26, 1959).</subfield></datafield><datafield ind1=" " ind2=" " tag="530"><subfield code="a">Also issued on microfilm from University of Oregon.</subfield></datafield><datafield ind1=" " ind2=" " tag="580"><subfield code="a">Weekly ed.: Eastern Oregon observer, May 6, 1904-Nov. 3, 1905; La Grande weekly observer, Nov. 10, 1905-&lt;1913&gt;; La Grande weekly observer and La Grande star, Jan. 2, 1914-Dec. 23, 1921; The observer-star, Dec. 30, 1921-&lt;Dec. 5, 1930&gt;</subfield></datafield><datafield ind1=" " ind2=" " tag="588"><subfield code="a">Description based on: Vol. 3, no. 152 (May 2, 1904).</subfield></datafield><datafield ind1=" " ind2="0" tag="651"><subfield code="a">La Grande (Or.)</subfield><subfield code="v">Newspapers.</subfield></datafield><datafield ind1=" " ind2="0" tag="651"><subfield code="a">Union County (Or.)</subfield><subfield code="v">Newspapers.</subfield></datafield><datafield ind1=" " ind2="7" tag="655"><subfield code="a">Newspapers.</subfield><subfield code="2">fast</subfield><subfield code="0">(OCoLC)fst01423814</subfield></datafield><datafield ind1=" " ind2="7" tag="651"><subfield code="a">Oregon</subfield><subfield code="z">La Grande.</subfield><subfield code="2">fast</subfield><subfield code="0">(OCoLC)fst01214202</subfield></datafield><datafield ind1=" " ind2="7" tag="651"><subfield code="a">Oregon</subfield><subfield code="z">Union County.</subfield><subfield code="2">fast</subfield><subfield code="0">(OCoLC)fst01223302</subfield></datafield><datafield ind1=" " ind2=" " tag="752"><subfield code="a">United States</subfield><subfield code="b">Oregon</subfield><subfield code="c">Union</subfield><subfield code="d">La Grande.</subfield></datafield><datafield ind1="1" ind2=" " tag="775"><subfield code="t">Eastern Oregon observer</subfield><subfield code="w">(DLC)  2006260032</subfield><subfield code="w">(OCoLC)76815249</subfield></datafield><datafield ind1="1" ind2=" " tag="775"><subfield code="t">Grande weekly observer</subfield><subfield code="w">(DLC)  2006260033</subfield><subfield code="w">(OCoLC)76815294</subfield></datafield><datafield ind1="1" ind2=" " tag="775"><subfield code="t">Grande weekly observer and La Grande star</subfield><subfield code="w">(DLC)  2006260035</subfield><subfield code="w">(OCoLC)76815385</subfield></datafield><datafield ind1="1" ind2=" " tag="775"><subfield code="t">Observer-star</subfield><subfield code="w">(DLC)  2006260036</subfield><subfield code="w">(OCoLC)76815412</subfield></datafield><datafield ind1="0" ind2="0" tag="780"><subfield code="t">Grande morning observer</subfield><subfield code="w">(DLC)  2006260038</subfield><subfield code="w">(OCoLC)76815439</subfield></datafield><datafield ind1="0" ind2="0" tag="785"><subfield code="t">Grande observer</subfield><subfield code="w">(DLC)  2006260040</subfield><subfield code="w">(OCoLC)76815452</subfield></datafield></record>